@misc{maas_home,
    key = {maas0_home},
    title ={{Metal as a Service, MAAS}},
    url = {https://maas.io/},
    note = {Ultimo accesso 20 Dicembre 2022.},
}

@misc{maas_how_it_works,
    key = {maas_how_it_works},
    title = {{How MAAS works}},
    url = {https://maas.io/how-it-works},
    note = {Ultimo accesso 23 Gennaio 2023.},
}

@misc{maas_glossary,
    key = {maas_glossary},
    title = {{MAAS glossary}},
    url = {https://maas.io/docs/maas-glossary},
    note = {Ultimo accesso 23 Gennaio 2023.},
}

@misc{maas_req,
    key = {maas_req},
    title = {{MAAS installation requirements}},
    url = {https://maas.io/docs/maas-installation-requirements},
    note = {Ultimo accesso 04 Gennaio 2023.},
}

@misc{maas_install_doc,
    key = {maas_install_doc},
    title = {{How to Install MAAS}},
    url = {https://maas.io/docs/how-to-install-maas},
    note = {Ultimo accesso 07 Gennaio 2023.},
}

@misc{maas_install_openstack,
    key = {maas_install_maas_install_openstack},
    title = {{Deploy OpenStack: install MAAS}},
    url = {https://docs.openstack.org/project-deploy-guide/charm-deployment-guide/yoga/install-maas.html},
    note = {Ultimo accesso 07 Gennaio 2023.},
}

@misc{maas_power_management,
    key = {maas_power_management},
    title = {{Power management reference on MAAS}},
    url = {https://maas.io/docs/power-management-reference},
    note = {Ultimo accesso 16 Gennaio 2023.},
}

@misc{rasp_os,
    key = {rasp_os},
    title = {{Raspberry Pi OS}},
    url = {https://www.raspberrypi.com/software/},
    note = {Ultimo accesso 06 Gennaio 2023.},
}

@misc{rasp_spec,
    key = {rasp_spec},
    title = {{Raspberry Pi 4 Model B Specifications}},
    url = {https://www.raspberrypi.com/products/raspberry-pi-4-model-b/specifications/},
    note = {Ultimo accesso 06 Gennaio 2023.},
}

@misc{fqdn,
    key = {fqdn},
    title = {{Fully Qualified Domain Name, FQDN}},
    url = {https://www.rfc-editor.org/rfc/rfc4703},
    note = {Ultimo accesso 13 Gennaio 2023.},
}

@misc{launchpad,
    key = {launchpad},
    title = {{Launchpad}},
    url = {https://launchpad.net/},
    note = {Ultimo accesso 13 Gennaio 2023.},
}
@misc{github,
    key = {github},
    title = {{GitHub}},
    url = {https://github.com},
    note = {Ultimo accesso 13 Gennaio 2023.},
}

@misc{vtp,
    key = {vtp},
    title = {{Understanding VLAN Trunking Protocol (VTP)}},
    url = {https://www.cisco.com/c/en/us/td/docs/switches/lan/catalyst6500/ios/12-2SX/configuration/guide/book/vtp.html#wp1049555},
    note = {Ultimo accesso 18 Gennaio 2023.},
}

@misc{juju_home,
    key = {juju0_home},
    title = {{Juju, the Operator Lifecycle Manager}},
    url = {https://juju.is/},
    note = {Ultimo accesso 24 Gennaio 2023.},
}

@misc{juju_client,
    key = {juju_client},
    title = {{Juju: Client}},
    url = {https://juju.is/docs/olm/the-juju-client},
    note = {Ultimo accesso 25 Gennaio 2023.},
}

@misc{juju_model,
    key = {juju_model},
    title = {{Juju: Model}},
    url = {https://juju.is/docs/olm/model},
    note = {Ultimo accesso 25 Gennaio 2023.},
}

@misc{juju_cloud_substrate,
    key = {juju_cloud_substrate},
    title = {{Juju: Cloud(substrate)}},
    url = {https://juju.is/docs/olm/cloud},
    note = {Ultimo accesso 25 Gennaio 2023.},
}

@misc{juju_controller,
    key = {juju_controller},
    title = {{Juju: Controller}},
    url = {https://juju.is/docs/olm/controller},
    note = {Ultimo accesso 26 Gennaio 2023.},
}

@misc{juju_charm,
    key = {juju_charm},
    title = {{Juju: Charmed operator}},
    url = {https://juju.is/docs/olm/charmed-operators},
    note = {Ultimo accesso 26 Gennaio 2023.},
}

@misc{juju_olm,
    key = {juju_olm},
    title = {{Juju: Charmed Operator Lifecycle Manager}},
    url = {https://juju.is/docs/olm},
    note = {Ultimo accesso 26 Gennaio 2023.},
}

@misc{charmhub,
    key = {charmhub},
    title = {{Charmhub - The Open Operator Collection}},
    url = {https://charmhub.io/},
    note = {Ultimo accesso 26 Gennaio 2023.},
}

@misc{juju_use_maas,
    key = {juju_use_maas},
    title = {{How to use MAAS with Juju}},
    url = {https://juju.is/docs/olm/maas},
    note = {Ultimo accesso 27 Gennaio 2023.},
}

@misc{juju_install_doc,
    key = {juju_install_doc},
    title = {{How to install Juju client}},
    url = {https://juju.is/docs/olm/install-juju},
    note = {Ultimo accesso 27 Gennaio 2023.},
}

@misc{juju_install_openstack,
    key = {juju_install_openstack},
    title = {{Deploy OpenStack: install Juju}},
    url = {https://docs.openstack.org/project-deploy-guide/charm-deployment-guide/yoga/install-juju.html},
    note = {Ultimo accesso 27 Gennaio 2023.},
}

@misc{juju_relation,
    key = {juju_relation},
    title = {{Juju: Integration}},
    url = {https://juju.is/docs/olm/integration},
    note = {Ultimo accesso 01 Febbraio 2023.},
}

@misc{juju_unit,
    key = {juju_unit},
    title = {{Juju: Unit}},
    url = {https://juju.is/docs/olm/unit},
    note = {Ultimo accesso 01 Febbraio 2023.},
}

@misc{juju_bundle,
    key = {juju_bundle},
    title = {{Juju: Bundle}},
    url = {https://juju.is/docs/sdk/charm-bundles},
    note = {Ultimo accesso 01 Febbraio 2023.},
}

@misc{terraform_home,
    key = {terraform0_home},
    title = {{Terraform - Provision \& Manage Any Infrastructure}},
    url = {https://www.hashicorp.com/products/terraform},
    note = {Ultimo accesso 31 Gennaio 2023.},
}

@misc{terraform_intro,
    key = {terraform_intro},
    title = {{What Is Terraform}},
    url = {https://developer.hashicorp.com/terraform/intro},
    note = {Ultimo accesso 23 Febbraio 2023.},
}

@misc{terraform_crud_provider,
    key = {terraform_crud_provider},
    title = {{Perform CRUD Operations with Providers}},
    url = {https://developer.hashicorp.com/terraform/tutorials/configuration-language/provider-use#terraform-plugins},
    note = {Ultimo accesso 23 Febbraio 2023.},
}

@misc{terraform_version,
    key = {terraform_version},
    title = {{Terraform v1.x Compatibility Promises}},
    url = {https://developer.hashicorp.com/terraform/language/v1-compatibility-promises},
    note = {Ultimo accesso 22 Febbraio 2023.},
}

@misc{terraform_validate,
    key = {terraform_validate},
    title = {{Terraform: comando validate}},
    url = {https://developer.hashicorp.com/terraform/cli/commands/validate},
    note = {Ultimo accesso 22 Febbraio 2023.},
}

@misc{terraform_backend,
    key = {terraform_backend},
    title = {{Terraform: configurazione backend}},
    url = {https://developer.hashicorp.com/terraform/language/settings/backends/configuration},
    note = {Ultimo accesso 22 Febbraio 2023.},
}

@misc{terraform_openstack,
    key = {terraform_openstack},
    title = {{Terraform Provider Openstack}},
    url = {https://registry.terraform.io/providers/terraform-provider-openstack/openstack/latest},
    note = {Ultimo accesso 15 Febbraio 2023.},
}

@misc{terraform_openstack_doc,
    key = {terraform_openstack_doc},
    title = {{Terraform Provider Openstack - Documentation}},
    url = {https://registry.terraform.io/providers/terraform-provider-openstack/openstack/latest/docs},
    note = {Ultimo accesso 15 Febbraio 2023.},
}






@misc{vault_home,
    key = {vault0_home},
    title = {{Vault}},
    url = {https://developer.hashicorp.com/vault/docs/what-is-vault},
    note = {Ultimo accesso 23 Gennaio 2023.},
}

@misc{vault_documentation,
    key = {vault},
    title = {{Documentazione Vault}},
    url = {https://developer.hashicorp.com/vault/docs},
    note = {Ultimo accesso 23 Gennaio 2023.},
}

@misc{ceph_documentation,
    key = {ceph},
    title = {{Documentazione Ceph}},
    url = {https://docs.ceph.com/en/quincy/},
    note = {Ultimo accesso 23 Gennaio 2023.},
}

@misc{storage_formats_description,
    key = {purestorage},
    title = {Confronto tra object storage, file storage e block storage},
    url = {https://www.purestorage.com/it/knowledge/what-is-object-storage.html},
    note = {Ultimo accesso 23 Gennaio 2023.},
}

@misc{ovs_home,
    key = {ovs},
    title = {{Open vSwitch}},
    url = {https://www.openvswitch.org},
    note = {Ultimo accesso 23 Gennaio 2023.},
}

@misc{ovn_home,
    key = {ovn},
    title = {{Open Virtual Network}},
    url = {https://www.ovn.org/en/},
    note = {Ultimo accesso 23 Gennaio 2023.},
}

@misc{octavia_docs,
    key = {octavia_docs},
    title = {{Documentazione Octavia}},
    url = {https://docs.openstack.org/octavia/latest/reference/introduction.html}
}

@misc{barbican_docs,
    key = {barbican_docs},
    title = {{Documentazione Barbican}},
    url = {https://docs.openstack.org/barbican/latest/}
}

@misc{lbaas_docs,
    key = {lbaas_docs},
    title = {{Documentazione LBaaS}},
    url = {https://docs.openstack.org/mitaka/networking-guide/config-lbaas.html}
}

@misc{neutron_ml2_docs,
    key = {neutron_ml2_docs},
    title = {{Documentazione Neutron ML2}},
    url = {https://wiki.openstack.org/wiki/Neutron/ML2PortSecurityExtensionDriver},
    note = {Ultimo accesso 23 Gennaio 2023.},
}

@misc{openstack_deployment_guides,
    key = {openstack_deployment_guides},
    title = {{Guide al deployment di OpenStack}},
    url = {https://docs.openstack.org/yoga/deploy/index.html},
    note = {Ultimo accesso 21 Gennaio 2023.}
}

@misc{openstack_charms_type,
    key = {openstack_charms_type},
    title = {{Tipi di charm di OpenStack}},
    url = {https://docs.openstack.org/charm-guide/latest/concepts/index.html},
    note = {Ultimo accesso 25 Febbraio 2023.}
}

@misc{openstack_charm_deployment_yoga,
    key = {openstack_charm_deployment_yoga},
    title = {{Deployment di OpenStack Yoga con i charm}},
    url = {https://docs.openstack.org/project-deploy-guide/charm-deployment-guide/yoga/},
    note = {Ultimo accesso 28 Febbraio 2023.}
}

@misc{openstack_charm_deployment_zed,
    key = {openstack_charm_deployment_zed},
    title = {{Deployment di OpenStack Zed con i charm}},
    url = {https://docs.openstack.org/project-deploy-guide/charm-deployment-guide/zed/},
    note = {Ultimo accesso 28 Febbraio 2023.}
}

@misc{keystone_security,
    key = {keystone_security},
    title = {{Keystone: Security compliance}},
    url = {https://docs.openstack.org/project-deploy-guide/charm-deployment-guide/yoga/keystone.html},
    note = {Ultimo accesso 01 Marzo 2023.}
}





@misc{openstack_installation_juju,
    key = {openstack_installation_juju},
    title = {{Guida di installazione di OpenStack con Juju}},
    url = {https://docs.openstack.org/project-deploy-guide/charm-deployment-guide/yoga/install-openstack.html},
    note = {Ultimo accesso 22 Gennaio 2023.}
}

@misc{openstack_configure,
    key = {openstack_configure},
    title = {{Guida di installazione di OpenStack con Juju}},
    url = {https://docs.openstack.org/project-deploy-guide/charm-deployment-guide/yoga/configure-openstack.html},
    note = {Ultimo accesso 23 Febbraio 2023.}
}

@misc{lxd_init_network_error,
    key = {lxd_init_network_error},
    title = {{Errore nell'inizializzazione automatica di LXD}},
    url = {https://discuss.linuxcontainers.org/t/2148},
    note = {Ultimo accesso 31 Gennaion 2023.}
}

@misc{lxd_init_network_error2,
    key = {lxd_init_network_error2},
    title = {{Errore nell'inizializzazione automatica di LXD}},
    url = {https://discuss.linuxcontainers.org/t/error-failed-to-create-network-lxdbr0-failed-to-automatically-find-an-unused-ipv4-subnet-manual-configuration-required/2148},
    note = {Ultimo accesso 31 Gennaion 2023.}
}

@misc{cloud_bursting,
    key = {cloud_bursting},
    title = {{Che cos’è il bursting nel cloud}},
    url = {https://azure.microsoft.com/it-it/resources/cloud-computing-dictionary/what-is-cloud-bursting},
    note = {Ultimo accesso 31 Gennaion 2023.}
}

@misc{openstack_example_bundle,
    key = {openstack_example_bundle},
    title = {{Bundle di installazione di esempio}},
    url = {https://github.com/openstack-charmers/openstack-bundles/blob/master/stable/openstack-base/bundle.yaml},
    note = {Ultimo accesso 22 Giugno 2023}
}

@misc{load_balancer_installation_guide,
    key = {load_balancer_installation_guide},
    title = {{Guida all'installazione del load balancer}},
    url = {https://docs.openstack.org/charm-guide/latest/admin/networking/load-balancing.html},
    note = {Ultimo accesso 26 Giugno 2023}
}